<collection>
<record>
<leader>03569ckcaa22005177a 4500</leader>
<controlfield tag="001">11809976</controlfield>
<controlfield tag="005">20240205153639.0</controlfield>
<controlfield tag="008">950824i19121950xx nnn g | kneng </controlfield>
<datafield ind1=" " ind2=" " tag="906">
<subfield code="a">7</subfield>
<subfield code="b">cbc</subfield>
<subfield code="c">orignew</subfield>
<subfield code="d">1</subfield>
<subfield code="e">ncip</subfield>
<subfield code="f">19</subfield>
<subfield code="g">y-folklife</subfield>
</datafield>
<datafield ind1=" " ind2=" " tag="955">
<subfield code="a">
mfor ?/?/95; shal 10/13/99; cker 12/02/99; kblu 02-04-00; mkru 2004-07-30; mkru 2004-08-19; mkru 2004-11-26; mkru 2010-08-25
</subfield>
<subfield code="a">mkru 2015-01-15</subfield>
<subfield code="a">mkru 2015-02-10</subfield>
<subfield code="a">mkru 2017-10-23</subfield>
<subfield code="a">masmit 2024-02-05</subfield>
</datafield>
<datafield ind1=" " ind2=" " tag="010">
<subfield code="a"> 2004695195</subfield>
</datafield>
<datafield ind1=" " ind2=" " tag="035">
<subfield code="a">afc95000007</subfield>
</datafield>
<datafield ind1=" " ind2=" " tag="040">
<subfield code="a">DLC</subfield>
<subfield code="c">DLC</subfield>
<subfield code="e">appm</subfield>
<subfield code="d">DLC</subfield>
<subfield code="d">DLC</subfield>
</datafield>
<datafield ind1=" " ind2=" " tag="043">
<subfield code="a">e-uk-en</subfield>
</datafield>
<datafield ind1=" " ind2=" " tag="090">
<subfield code="a">AFC 1983/007</subfield>
</datafield>
<datafield ind1="0" ind2="0" tag="245">
<subfield code="a">
Goathland, North Yorkshire, sword dance photograph collection,
</subfield>
<subfield code="f">ca. 1912-1950.</subfield>
</datafield>
<datafield ind1="1" ind2=" " tag="246">
<subfield code="i">Former title:</subfield>
<subfield code="a">Morris dance photograph collection</subfield>
</datafield>
<datafield ind1=" " ind2="0" tag="264">
<subfield code="c">1912-1950.</subfield>
</datafield>
<datafield ind1=" " ind2=" " tag="300">
<subfield code="a">7 photographic prints :</subfield>
<subfield code="b">black and white ;</subfield>
<subfield code="c">6 1/2 x 4 1/2 in.</subfield>
</datafield>
<datafield ind1=" " ind2=" " tag="520">
<subfield code="a">
A collection of black-and-white photographic prints, circa 1912 to 1950 of the Plough Stots Long Sword team from Goathland, North Yorkshire, England, in candid shots, formal poses, and in dance performance. Includes images of long swords, costumes, musical instruments, and the characters of Bessy (or Betty), Poss (Toss Pot) and Old Man. The identity of the photographer is unknown.
</subfield>
</datafield>
<datafield ind1="8" ind2=" " tag="524">
<subfield code="a">
Goathland, North Yorkshire, sword dance photograph collection (AFC 1983/007), American Folklife Center, Library of Congress, Washington, D.C.
</subfield>
</datafield>
<datafield ind1="0" ind2=" " tag="506">
<subfield code="a">
Collection is open for research. To request materials, please contact the Folklife Reading Room at
</subfield>
<subfield code="u">http://hdl.loc.gov/loc.afc/folklife.contact</subfield>
</datafield>
<datafield ind1=" " ind2=" " tag="540">
<subfield code="a">
Duplication of collection materials may be governed by copyright and other restrictions.
</subfield>
</datafield>
<datafield ind1=" " ind2=" " tag="541">
<subfield code="a">Donated by Wendy Grossman;</subfield>
<subfield code="d">1983.</subfield>
</datafield>
<datafield ind1=" " ind2=" " tag="545">
<subfield code="a">
In 1922, the Goathland Plough Stots were revived from local memory by Frank W. Dowson, who is identified in notes (as "Dawson") on the reverse of some of these photographs. The Goathland Plough Stots is one of Yorkshire's traditional long sword dance teams of 6 to 8 dancers, who perform a dance that ends with swords in the formation of a "lock", which in this case resembles a Star of David. The teams traditionally dance in January on Plough Monday, the Monday following the feast of Epiphany, and at other times during the year.
</subfield>
</datafield>
<datafield ind1="0" ind2=" " tag="555">
<subfield code="a">
Finding aid is available in the Folklife Reading Room and online
</subfield>
<subfield code="u">https://hdl.loc.gov/loc.afc/eadafc.af015001</subfield>
</datafield>
<datafield ind1=" " ind2=" " tag="561">
<subfield code="a">
The photographs were given to Wendy Grossman by Gordon Norman of Beverley, England.
</subfield>
</datafield>
<datafield ind1="2" ind2="0" tag="610">
<subfield code="a">Goathland Plough Stots.</subfield>
</datafield>
<datafield ind1=" " ind2="0" tag="650">
<subfield code="a">Folk dancing, English</subfield>
<subfield code="z">England</subfield>
<subfield code="z">Goathland</subfield>
<subfield code="v">Photographs.</subfield>
</datafield>
<datafield ind1=" " ind2="0" tag="650">
<subfield code="a">Sword-dance</subfield>
<subfield code="z">England</subfield>
<subfield code="z">Goathland</subfield>
<subfield code="v">Photographs.</subfield>
</datafield>
<datafield ind1=" " ind2="0" tag="650">
<subfield code="a">Mumming</subfield>
<subfield code="z">England</subfield>
<subfield code="z">North Yorkshire</subfield>
<subfield code="v">Photographs.</subfield>
</datafield>
<datafield ind1=" " ind2="0" tag="650">
<subfield code="a">Dance costume</subfield>
<subfield code="z">England</subfield>
<subfield code="z">Goathland</subfield>
<subfield code="v">Photographs.</subfield>
</datafield>
<datafield ind1=" " ind2="0" tag="650">
<subfield code="a">Rapper (Dance)</subfield>
<subfield code="v">Photographs.</subfield>
</datafield>
<datafield ind1=" " ind2="0" tag="650">
<subfield code="a">Morris dance</subfield>
<subfield code="z">England</subfield>
<subfield code="z">North Yorkshire</subfield>
<subfield code="v">Photographs.</subfield>
</datafield>
<datafield ind1=" " ind2="0" tag="650">
<subfield code="a">Costume</subfield>
<subfield code="z">England</subfield>
<subfield code="z">Goathland</subfield>
<subfield code="v">Photographs.</subfield>
</datafield>
<datafield ind1=" " ind2="0" tag="650">
<subfield code="a">Musical instruments</subfield>
<subfield code="z">England</subfield>
<subfield code="v">Photographs.</subfield>
</datafield>
<datafield ind1=" " ind2="0" tag="650">
<subfield code="a">Plough Monday</subfield>
<subfield code="z">England</subfield>
<subfield code="z">Goathland.</subfield>
</datafield>
<datafield ind1=" " ind2="7" tag="650">
<subfield code="a">Folk dancing</subfield>
<subfield code="z">England</subfield>
<subfield code="z">Goathland.</subfield>
<subfield code="2">lctgm</subfield>
</datafield>
<datafield ind1=" " ind2="0" tag="651">
<subfield code="a">Goathland (England)</subfield>
<subfield code="x">Social life and customs.</subfield>
</datafield>
<datafield ind1=" " ind2="7" tag="655">
<subfield code="a">Photographic prints.</subfield>
<subfield code="2">aat</subfield>
</datafield>
<datafield ind1="2" ind2=" " tag="710">
<subfield code="a">Goathland Plough Stots.</subfield>
</datafield>
<datafield ind1=" " ind2=" " tag="852">
<subfield code="a">Library of Congress</subfield>
<subfield code="b">American Folklife Center,</subfield>
<subfield code="e">
101 Independence Ave. S.E., Washington, DC USA 20540-4610
</subfield>
<subfield code="u">https://hdl.loc.gov/loc.afc/folklife.home</subfield>
</datafield>
<datafield ind1="4" ind2="2" tag="856">
<subfield code="3">Finding aid</subfield>
<subfield code="u">https://hdl.loc.gov/loc.afc/eadafc.af015001</subfield>
</datafield>
<datafield ind1=" " ind2=" " tag="985">
<subfield code="a">AFC/Goathland</subfield>
<subfield code="e">DHC</subfield>
</datafield>
<datafield ind1=" " ind2=" " tag="985">
<subfield code="a">afc/ead</subfield>
</datafield>
<datafield ind1=" " ind2=" " tag="985">
<subfield code="a">afc/coll</subfield>
</datafield>
</record>
</collection>